<record><leader>00000cas a2200000 a 4500</leader><controlfield tag="001">643096988</controlfield><controlfield tag="007">hd afu---baca</controlfield><controlfield tag="008">100623d1881189uiludn nea     0    0eng c</controlfield><datafield ind1=" " ind2=" " tag="010"><subfield code="a">  2010262080</subfield></datafield><datafield ind1=" " ind2=" " tag="040"><subfield code="a">CGU</subfield><subfield code="b">eng</subfield><subfield code="c">CGU</subfield><subfield code="d">CGU</subfield><subfield code="d">OCLCF</subfield><subfield code="d">OCLCO</subfield><subfield code="d">OCLCQ</subfield></datafield><datafield ind1=" " ind2=" " tag="042"><subfield code="a">pcc</subfield></datafield><datafield ind1=" " ind2=" " tag="043"><subfield code="a">n-us-il</subfield></datafield><datafield ind1="0" ind2=" " tag="130"><subfield code="a">Daily news (Joliet, Ill.)</subfield></datafield><datafield ind1="1" ind2="4" tag="245"><subfield code="a">The daily news.</subfield></datafield><datafield ind1="1" ind2=" " tag="246"><subfield code="i">Published as:</subfield><subfield code="a">Joliet news</subfield><subfield code="f">Feb. 8, 1884</subfield></datafield><datafield ind1="1" ind2=" " tag="246"><subfield code="i">Published as:</subfield><subfield code="a">Joliet's daily newspaper</subfield><subfield code="f">Feb 10-13, 1884</subfield></datafield><datafield ind1=" " ind2=" " tag="260"><subfield code="a">Joliet, Ill. :</subfield><subfield code="b">H.E. Baldwin [&amp;] E.S. Barney,</subfield><subfield code="c">1881-</subfield></datafield><datafield ind1=" " ind2=" " tag="300"><subfield code="a">volumes</subfield></datafield><datafield ind1=" " ind2=" " tag="310"><subfield code="a">Daily (except Sunday),</subfield><subfield code="b">Nov. 17, 1884-&lt;June 30, 1892&gt;</subfield></datafield><datafield ind1=" " ind2=" " tag="321"><subfield code="a">Daily (except Saturday),</subfield><subfield code="b">1881-Nov. 16, 1884</subfield></datafield><datafield ind1=" " ind2=" " tag="336"><subfield code="a">text</subfield><subfield code="b">txt</subfield><subfield code="2">rdacontent</subfield></datafield><datafield ind1=" " ind2=" " tag="337"><subfield code="a">microform</subfield><subfield code="b">h</subfield><subfield code="2">rdamedia</subfield></datafield><datafield ind1=" " ind2=" " tag="338"><subfield code="a">microfilm reel</subfield><subfield code="b">hd</subfield><subfield code="2">rdacarrier</subfield></datafield><datafield ind1="0" ind2=" " tag="362"><subfield code="a">Vol. 5, no. 19 (May 1, 1881)-</subfield></datafield><datafield ind1=" " ind2=" " tag="580"><subfield code="a">Weekly eds.: Joliet weekly news (Joliet, Ill. : 1882), &lt;1882-1886&gt;, and: The Weekly news of Joliet, &lt;1888&gt;, and: Joliet news (Joliet, Ill. : Weekly), &lt;1890-1892&gt;.</subfield></datafield><datafield ind1=" " ind2=" " tag="588"><subfield code="a">Latest issue consulted: June 30, 1892.</subfield></datafield><datafield ind1=" " ind2=" " tag="533"><subfield code="a">Microfilm.</subfield><subfield code="b">Springfield, Ill. :</subfield><subfield code="c">Illinois State Historical Library,</subfield><subfield code="e">1 microfilm reel; 35 mm.</subfield></datafield><datafield ind1=" " ind2="0" tag="651"><subfield code="a">Joliet (Ill.)</subfield><subfield code="v">Newspapers.</subfield></datafield><datafield ind1=" " ind2="7" tag="651"><subfield code="a">Illinois</subfield><subfield code="z">Joliet.</subfield><subfield code="2">fast</subfield><subfield code="0">(OCoLC)fst01205950</subfield></datafield><datafield ind1=" " ind2="7" tag="655"><subfield code="a">Newspapers.</subfield><subfield code="2">fast</subfield><subfield code="0">(OCoLC)fst01423814</subfield></datafield><datafield ind1=" " ind2=" " tag="752"><subfield code="a">United States</subfield><subfield code="b">Illinois</subfield><subfield code="c">Will</subfield><subfield code="d">Joliet.</subfield></datafield><datafield ind1="0" ind2=" " tag="775"><subfield code="t">Joliet weekly news (Joliet, Ill. : 1882)</subfield></datafield><datafield ind1="0" ind2=" " tag="775"><subfield code="t">Weekly news of Joliet</subfield></datafield><datafield ind1="0" ind2=" " tag="775"><subfield code="t">Joliet news (Joliet, Ill. : Weekly)</subfield></datafield><datafield ind1="0" ind2="8" tag="776"><subfield code="i">Print version:</subfield><subfield code="t">Daily news (Joliet, Ill.)</subfield><subfield code="w">(DLC)sn 94054326</subfield><subfield code="w">(OCoLC)30590992</subfield></datafield><datafield ind1="0" ind2="0" tag="780"><subfield code="t">Joliet news (Joliet, Ill. : 1880)</subfield></datafield><datafield ind1="0" ind2="0" tag="785"><subfield code="t">Joliet daily news</subfield></datafield></record>